<<<<<<< HEAD
@article{eisenberg,
    author    = {Richard Eisenberg},
    title     = {Dependent Types in Haskell: Theory and Practice},
    journal   = {CoRR},
    volume    = {abs/1610.07978},
    year      = {2016},
    url       = {http://arxiv.org/abs/1610.07978},
    archivePrefix = {arXiv},
    eprint    = {1610.07978},
    timestamp = {Mon, 13 Aug 2018 16:47:17 +0200},
    biburl    = {https://dblp.org/rec/bib/journals/corr/Eisenberg16},
    bibsource = {dblp computer science bibliography, https://dblp.org}
}

@phdthesis{gundry,
    author    = {Adam Gundry},
    title     = {Type Inference, Haskell and Dependent Types},
    school    = {University of Strathclyde},
    year      = {2013},
}

@inproceedings{liquidhaskell,
    author = {Niki Vazou and Eric L. Seidel and Ranjit Jhala},
    title = {LiquidHaskell: Experience with refinement types in the real world},
    year = {2014}
}

@inproceedings{steve_acm,
    author = {Steve Klabnik},
    title = {The History of Rust},
    year = {2016},
    isbn = {978-1-4503-4464-7},
    location = {New York, NY, USA},
    url = {http://doi.acm.org/10.1145/2959689.2960081},
    doi = {10.1145/2959689.2960081},
    acmid = {2960081},
    publisher = {ACM},
    address = {New York, NY, USA},
} 

@inproceedings{sergio,
    author = {Sergio Benitez},
    title = {Short Paper: Rusty Types for Solid Safety},
    booktitle = {Proceedings of the 2016 ACM Workshop on Programming Languages and Analysis for Security},
    series = {PLAS '16},
    year = {2016},
    isbn = {978-1-4503-4574-3},
    location = {Vienna, Austria},
    pages = {69--75},
    numpages = {7},
    url = {http://doi.acm.org/10.1145/2993600.2993604},
    doi = {10.1145/2993600.2993604},
    acmid = {2993604},
    publisher = {ACM},
    address = {New York, NY, USA},
    keywords = {alias types, aliasing, capabilities, concurrency, formalization, linear types, memory safety, ownership types, race safety, rust, rusty types, semantics, syntax, type system},
} 

@article{ralf,
    author = {Ralf Jung and Jacques-Henri Jourdan and Robbert Krebbers and Derek Dreyer},
    title = {RustBelt: Securing the Foundations of the Rust Programming Language},
    journal = {Proc. ACM Program. Lang.},
    issue_date = {January 2018},
    volume = {2},
    number = {POPL},
    month = dec,
    year = {2017},
    issn = {2475-1421},
    pages = {66:1--66:34},
    articleno = {66},
    numpages = {34},
    url = {http://doi.acm.org/10.1145/3158154},
    doi = {10.1145/3158154},
    acmid = {3158154},
    publisher = {ACM},
    address = {New York, NY, USA},
    keywords = {Rust, concurrency, logical relations, separation logic, type systems},
} 

@inbook{ownership_types,
    author ={Dave Clarke and Johan Östlund and Ilya Sergey and Tobias Wrigstad},
    title ={Ownership Types: A Survey},
    bookTitle = {Aliasing in Object-Oriented Programming. Types, Analysis and Verification},
    year = {2013},
    publisher = {Springer Berlin Heidelberg},
    address = {Berlin, Heidelberg},
    pages = {15--58},
    isbn = {978-3-642-36946-9},
    doi = {10.1007/978-3-642-36946-9_3},
    url = {https://doi.org/10.1007/978-3-642-36946-9_3}
}

@article{traits,
    author = {Stéphane Ducasse and Oscar Nierstras and Nathanael Schärli and Roel Wuyts and Andrew P. Black},
    title = {Traits: A Mechanism for Fine-grained Reuse},
    journal = {ACM Trans. Program. Lang. Syst.},
    issue_date = {March 2006},
    volume = {28},
    number = {2},
    month = mar,
    year = {2006},
    issn = {0164-0925},
    pages = {331--388},
    numpages = {58},
    url = {http://doi.acm.org/10.1145/1119479.1119483},
    doi = {10.1145/1119479.1119483},
    acmid = {1119483},
    publisher = {ACM},
    address = {New York, NY, USA},
    keywords = {Languages, Smalltalk, inheritance, mixins, multiple inheritance, reuse, traits},
}

@phdthesis{agda,
    author = {Ulf Norell},
    title = {Towards a practical programming language based on dependent type theory},
    year = {2007},
    school = {Chalmers University of Technology}
}

@inproceedings{cayenne,
    author = {Lennart Augustsson},
    title = {Cayenne -- a Language With Dependent Types},
    year = {1998},
    pages = {239--250},
    publisher = {ACM Press}
}

@article{idris,
    author = {Edwin Brady},
    year = {2013},
    month = {09},
    title = {Idris, a general-purpose dependently typed programming language: Design and implementation},
    volume = {23},
    journal = {Journal of Functional Programming},
    doi = {10.1017/S095679681300018X}
}

@book{templates,
    author = {David Vandevoorde and Nicolai M. Josuttis and Douglas Gregor},
    title = {C++ Templates: The Complete Guide},
    year = {2017},
    isbn = {0321714121, 9780321714121},
    edition = {2nd},
    publisher = {Addison-Wesley Professional},
} 

@book{template_metaprogramming,
    author = {David Abrahams and Aleksey Gurtovoy},
    title = {C++ Template Metaprogramming: Concepts, Tools, and Techniques from Boost and Beyond},
    year = {2004},
    isbn = {0321227255},
    publisher = {Addison-Wesley Professional},
} 

@book{pierce,
    author = {Benjamin C. Pierce},
    title = {Advanced Topics in Types and Programming Languages},
    year = {2005}
}


@article{coc,
    title = "The Calculus of Constructions",
    journal = "Information and Computation",
    volume = "76",
    number = "2",
    pages = "95 - 120",
    year = "1988",
    issn = "0890-5401",
    doi = "https://doi.org/10.1016/0890-5401(88)90005-3",
    url = "http://www.sciencedirect.com/science/article/pii/0890540188900053",
    author = "Thierry Coquand and Gérard Huet"
}

@inproceedings{reed,
    title={Patina : A Formalization of the Rust Programming Language},
    author={Eric W. Reed},
    year={2015}
}

@TechReport{vsdg,
    author =	 {Alan C. Lawrence},
    title = 	 {Optimizing compilation with the Value State Dependence Graph},
    year = 	 2007,
    month = 	 dec,
    url = 	 {https://www.cl.cam.ac.uk/techreports/UCAM-CL-TR-705.pdf},
    institution =  {University of Cambridge, Computer Laboratory},
    number = 	 {UCAM-CL-TR-705}
}
